%YAML 1.1
%TAG !u! tag:unity3d.com,2011:
--- !u!1 &3330834994876979676
GameObject:
  m_ObjectHideFlags: 0
  m_CorrespondingSourceObject: {fileID: 0}
  m_PrefabInstance: {fileID: 0}
  m_PrefabAsset: {fileID: 0}
  serializedVersion: 6
  m_Component:
  - component: {fileID: 3330834994876979675}
  - component: {fileID: 3330834994876979673}
  - component: {fileID: 3330834994876979674}
  m_Layer: 5
  m_Name: BiodataPanel
  m_TagString: Untagged
  m_Icon: {fileID: 0}
  m_NavMeshLayer: 0
  m_StaticEditorFlags: 0
  m_IsActive: 1
--- !u!224 &3330834994876979675
RectTransform:
  m_ObjectHideFlags: 0
  m_CorrespondingSourceObject: {fileID: 0}
  m_PrefabInstance: {fileID: 0}
  m_PrefabAsset: {fileID: 0}
  m_GameObject: {fileID: 3330834994876979676}
  m_LocalRotation: {x: -0, y: -0, z: -0, w: 1}
  m_LocalPosition: {x: 0, y: 0, z: 0}
  m_LocalScale: {x: 1, y: 1, z: 1}
  m_Children:
  - {fileID: 1281137435517113890}
  m_Father: {fileID: 3330834995402046903}
  m_RootOrder: 0
  m_LocalEulerAnglesHint: {x: 0, y: 0, z: 0}
  m_AnchorMin: {x: 0, y: 0}
  m_AnchorMax: {x: 1, y: 1}
  m_AnchoredPosition: {x: 0, y: 0}
  m_SizeDelta: {x: 0, y: 0}
  m_Pivot: {x: 0.5, y: 0.5}
--- !u!222 &3330834994876979673
CanvasRenderer:
  m_ObjectHideFlags: 0
  m_CorrespondingSourceObject: {fileID: 0}
  m_PrefabInstance: {fileID: 0}
  m_PrefabAsset: {fileID: 0}
  m_GameObject: {fileID: 3330834994876979676}
  m_CullTransparentMesh: 0
--- !u!114 &3330834994876979674
MonoBehaviour:
  m_ObjectHideFlags: 0
  m_CorrespondingSourceObject: {fileID: 0}
  m_PrefabInstance: {fileID: 0}
  m_PrefabAsset: {fileID: 0}
  m_GameObject: {fileID: 3330834994876979676}
  m_Enabled: 1
  m_EditorHideFlags: 0
  m_Script: {fileID: 11500000, guid: fe87c0e1cc204ed48ad3b37840f39efc, type: 3}
  m_Name: 
  m_EditorClassIdentifier: 
  m_Material: {fileID: 0}
  m_Color: {r: 1, g: 1, b: 1, a: 1}
  m_RaycastTarget: 1
  m_Maskable: 1
  m_OnCullStateChanged:
    m_PersistentCalls:
      m_Calls: []
  m_Sprite: {fileID: 21300000, guid: 2786f6a18c6e1481f97a80bdcec5147a, type: 3}
  m_Type: 0
  m_PreserveAspect: 1
  m_FillCenter: 1
  m_FillMethod: 4
  m_FillAmount: 1
  m_FillClockwise: 1
  m_FillOrigin: 0
  m_UseSpriteMesh: 0
  m_PixelsPerUnitMultiplier: 1
--- !u!1 &3330834995402046904
GameObject:
  m_ObjectHideFlags: 0
  m_CorrespondingSourceObject: {fileID: 0}
  m_PrefabInstance: {fileID: 0}
  m_PrefabAsset: {fileID: 0}
  serializedVersion: 6
  m_Component:
  - component: {fileID: 3330834995402046903}
  - component: {fileID: 3330834995402046902}
  m_Layer: 5
  m_Name: BiodataHolder
  m_TagString: Untagged
  m_Icon: {fileID: 0}
  m_NavMeshLayer: 0
  m_StaticEditorFlags: 0
  m_IsActive: 1
--- !u!224 &3330834995402046903
RectTransform:
  m_ObjectHideFlags: 0
  m_CorrespondingSourceObject: {fileID: 0}
  m_PrefabInstance: {fileID: 0}
  m_PrefabAsset: {fileID: 0}
  m_GameObject: {fileID: 3330834995402046904}
  m_LocalRotation: {x: -0, y: -0, z: -0, w: 1}
  m_LocalPosition: {x: 0, y: 0, z: 0}
  m_LocalScale: {x: 1, y: 1, z: 1}
  m_Children:
  - {fileID: 3330834994876979675}
  m_Father: {fileID: 0}
  m_RootOrder: 0
  m_LocalEulerAnglesHint: {x: 0, y: 0, z: 0}
  m_AnchorMin: {x: 0.5, y: 1}
  m_AnchorMax: {x: 0.5, y: 1}
  m_AnchoredPosition: {x: -393.42, y: -551}
  m_SizeDelta: {x: 750, y: 1280}
  m_Pivot: {x: 0.5, y: 0.5}
--- !u!95 &3330834995402046902
Animator:
  serializedVersion: 3
  m_ObjectHideFlags: 0
  m_CorrespondingSourceObject: {fileID: 0}
  m_PrefabInstance: {fileID: 0}
  m_PrefabAsset: {fileID: 0}
  m_GameObject: {fileID: 3330834995402046904}
  m_Enabled: 0
  m_Avatar: {fileID: 0}
  m_Controller: {fileID: 9100000, guid: 1168a5a9126764048a7413d941a4a0ac, type: 2}
  m_CullingMode: 0
  m_UpdateMode: 0
  m_ApplyRootMotion: 0
  m_LinearVelocityBlending: 0
  m_WarningMessage: 
  m_HasTransformHierarchy: 1
  m_AllowConstantClipSamplingOptimization: 1
  m_KeepAnimatorControllerStateOnDisable: 0
--- !u!1001 &2386944246066503321
PrefabInstance:
  m_ObjectHideFlags: 0
  serializedVersion: 2
  m_Modification:
    m_TransformParent: {fileID: 3330834994876979675}
    m_Modifications:
    - target: {fileID: 3523963975299958971, guid: 1c5d8199ff9fe428f9f057443eacd355,
        type: 3}
      propertyPath: m_LocalPosition.x
      value: 0
      objectReference: {fileID: 0}
    - target: {fileID: 3523963975299958971, guid: 1c5d8199ff9fe428f9f057443eacd355,
        type: 3}
      propertyPath: m_LocalPosition.y
      value: 0
      objectReference: {fileID: 0}
    - target: {fileID: 3523963975299958971, guid: 1c5d8199ff9fe428f9f057443eacd355,
        type: 3}
      propertyPath: m_LocalPosition.z
      value: 0
      objectReference: {fileID: 0}
    - target: {fileID: 3523963975299958971, guid: 1c5d8199ff9fe428f9f057443eacd355,
        type: 3}
      propertyPath: m_LocalRotation.x
      value: 0
      objectReference: {fileID: 0}
    - target: {fileID: 3523963975299958971, guid: 1c5d8199ff9fe428f9f057443eacd355,
        type: 3}
      propertyPath: m_LocalRotation.y
      value: 0
      objectReference: {fileID: 0}
    - target: {fileID: 3523963975299958971, guid: 1c5d8199ff9fe428f9f057443eacd355,
        type: 3}
      propertyPath: m_LocalRotation.z
      value: 0.03925978
      objectReference: {fileID: 0}
    - target: {fileID: 3523963975299958971, guid: 1c5d8199ff9fe428f9f057443eacd355,
        type: 3}
      propertyPath: m_LocalRotation.w
      value: 0.9992291
      objectReference: {fileID: 0}
    - target: {fileID: 3523963975299958971, guid: 1c5d8199ff9fe428f9f057443eacd355,
        type: 3}
      propertyPath: m_RootOrder
      value: 0
      objectReference: {fileID: 0}
    - target: {fileID: 3523963975299958971, guid: 1c5d8199ff9fe428f9f057443eacd355,
        type: 3}
      propertyPath: m_LocalEulerAnglesHint.x
      value: 0
      objectReference: {fileID: 0}
    - target: {fileID: 3523963975299958971, guid: 1c5d8199ff9fe428f9f057443eacd355,
        type: 3}
      propertyPath: m_LocalEulerAnglesHint.y
      value: 0
      objectReference: {fileID: 0}
    - target: {fileID: 3523963975299958971, guid: 1c5d8199ff9fe428f9f057443eacd355,
        type: 3}
      propertyPath: m_LocalEulerAnglesHint.z
      value: 4.5
      objectReference: {fileID: 0}
    - target: {fileID: 3523963975299958971, guid: 1c5d8199ff9fe428f9f057443eacd355,
        type: 3}
      propertyPath: m_AnchoredPosition.x
      value: 4.2
      objectReference: {fileID: 0}
    - target: {fileID: 3523963975299958971, guid: 1c5d8199ff9fe428f9f057443eacd355,
        type: 3}
      propertyPath: m_AnchoredPosition.y
      value: 7.4
      objectReference: {fileID: 0}
    - target: {fileID: 3523963975299958971, guid: 1c5d8199ff9fe428f9f057443eacd355,
        type: 3}
      propertyPath: m_SizeDelta.x
      value: 561.79504
      objectReference: {fileID: 0}
    - target: {fileID: 3523963975299958971, guid: 1c5d8199ff9fe428f9f057443eacd355,
        type: 3}
      propertyPath: m_SizeDelta.y
      value: 936.31445
      objectReference: {fileID: 0}
    - target: {fileID: 3523963975299958971, guid: 1c5d8199ff9fe428f9f057443eacd355,
        type: 3}
      propertyPath: m_AnchorMin.x
      value: 0.5
      objectReference: {fileID: 0}
    - target: {fileID: 3523963975299958971, guid: 1c5d8199ff9fe428f9f057443eacd355,
        type: 3}
      propertyPath: m_AnchorMin.y
      value: 0.5
      objectReference: {fileID: 0}
    - target: {fileID: 3523963975299958971, guid: 1c5d8199ff9fe428f9f057443eacd355,
        type: 3}
      propertyPath: m_AnchorMax.x
      value: 0.5
      objectReference: {fileID: 0}
    - target: {fileID: 3523963975299958971, guid: 1c5d8199ff9fe428f9f057443eacd355,
        type: 3}
      propertyPath: m_AnchorMax.y
      value: 0.5
      objectReference: {fileID: 0}
    - target: {fileID: 3523963975299958971, guid: 1c5d8199ff9fe428f9f057443eacd355,
        type: 3}
      propertyPath: m_Pivot.x
      value: 0.5
      objectReference: {fileID: 0}
    - target: {fileID: 3523963975299958971, guid: 1c5d8199ff9fe428f9f057443eacd355,
        type: 3}
      propertyPath: m_Pivot.y
      value: 0.5
      objectReference: {fileID: 0}
    - target: {fileID: 4919273186361900361, guid: 1c5d8199ff9fe428f9f057443eacd355,
        type: 3}
      propertyPath: m_Name
      value: BiodataTEXT - Match
      objectReference: {fileID: 0}
    m_RemovedComponents: []
  m_SourcePrefab: {fileID: 100100000, guid: 1c5d8199ff9fe428f9f057443eacd355, type: 3}
--- !u!224 &1281137435517113890 stripped
RectTransform:
  m_CorrespondingSourceObject: {fileID: 3523963975299958971, guid: 1c5d8199ff9fe428f9f057443eacd355,
    type: 3}
  m_PrefabInstance: {fileID: 2386944246066503321}
  m_PrefabAsset: {fileID: 0}
